<?xml version="1.0" encoding="UTF-8"?><collection xmlns="http://www.loc.gov/MARC21/slim"><record><leader>00295nam--2200109-i-4500</leader><controlfield tag="001">000005751</controlfield><controlfield tag="002">20161230</controlfield><controlfield tag="005">20161230201026</controlfield><controlfield tag="008">060222s1000------------r-----000-0-eng-d</controlfield><datafield ind1=" " ind2=" " tag="245"><subfield code="a">Separation  processes in practice</subfield></datafield><datafield ind1=" " ind2=" " tag="260"><subfield code="a">New York,Reinhold Publishing Corp.,1961. 209p</subfield></datafield><datafield ind1=" " ind2=" " tag="700"><subfield code="a">Chapman, Robert F</subfield></datafield></record></collection>